% This file was created with JabRef 2.9.2.
% Encoding: UTF8

@INCOLLECTION{Freivalds1981,
  author = {Freivalds, Rūsiņš},
  editor = {Gruska, Jozef and Chytil, Michal},
  title = {Probabilistic two-way machines},
  booktitle = {Mathematical Foundations of Computer Science 1981},
  year = {1981},
  volume = {118},
  series = {Lecture Notes in Computer Science},
  publisher = {Springer Berlin Heidelberg},
  isbn = {978-3-540-10856-6},
  pages = {33-45},
  doi = {10.1007/3-540-10856-4_72},
  url = {http://dx.doi.org/10.1007/3-540-10856-4_72}
}

@ARTICLE{Bel,
    author = "Richard Bellman",
     title = "A Markovian Decision Process",
   journal = "Indiana Univ. Math. J.",
  fjournal = "Indiana University Mathematics Journal",
    volume = 6,
      year = 1957,
     issue = 4,
     pages = "679--684",
      issn = "0022-2518",
     coden = "IUMJAB",
   mrclass = "",
}